# persona und quelle für emotion bei spielern hervorrufen
@incollection{persona,
  author = {Alessandro Canossa and Anders Drachen},
  title = {Play-Personas},
  subtitle = {Behaviours and Belief Systems in User-Centred Game Design},
  year  = {2009},
  pages = {510--523},
  publisher = {Springer},
  booktitle = {Human-Computer Interaction {\textendash} {INTERACT} 2009},
  doi = {10.1007/978-3-642-03658-3_55},
  url = {https://andersdrachen.files.wordpress.com/2014/07/play-personas-behaviors-and-belief-systems-in-user-centered-game-design_interact2009.pdf},
  urldate = {2017-01-11}
}

@article{persona-crit,
  author = {Christopher N. Chapman and Russell P. Milham},
  title = {The persona’s new clothes},
  subtitle = {methodological and practical arguments against a popular method},
  journaltitle = {Proceedings of the Human Factors and Ergonomics Society 50th Annual Meeting},
  year = {2006},
  pages = {634 –636},
  url = {http://cnchapman.files.wordpress.com/2007/03/chapman-milham-personas-hfes2006-0139-0330.pdf},
  urldate = {2017-01-19},
}

@article{persona-crit2,
  author = {Christopher N. Chapman and Edwin Love and Russell P. Milham and Paul ElRif and James L. Alford},
  title = {Quantitative evaluation of personas as information},
  journaltitle = {Proceedings of the Human Factors and Ergonomics Society 52 nd Annual Meeting},
  year = {2008},
  pages = {1107-1111},
  url = {https://www.researchgate.net/publication/242935675},
  urldate = {2017-01-19},
}
@inproceedings{persona-crit3,
  author = {Kari Ronkko},
  title = {An Empirical Study Demonstrating How Different Design Constraints, Project Organization and Contexts Limited the Utility of Personas},
  booktitle = {Proceedings of the Proceedings of the 38th Annual Hawaii International Conference on System Sciences - Volume 08},
  series = {HICSS '05},
  year = {2005},
  doi = {10.1109/HICSS.2005.85},
  url = {https://www.computer.org/csdl/proceedings/hicss/2005/2268/08/22680220a.pdf},
  urldate = {2017-01-19},
}


@thesis{freemium,
  author = {Cristian Bercu},
  title = {Monetization and Engagement in Freemium Games},
  date = {2016-06-26},
  doi = {10.13140/RG.2.1.2617.8166},
  url = {https://www.researchgate.net/publication/304451539},
  urldate = {2017-01-11}
}
